% radius review
@article{Carlson:2015jba,
      author         = "Carlson, Carl E.",
      title          = "{The Proton Radius Puzzle}",
      journal        = "Prog. Part. Nucl. Phys.",
      volume         = "82",
      year           = "2015",
      pages          = "59-77",
      doi            = "10.1016/j.ppnp.2015.01.002",
      eprint         = "1502.05314",
      archivePrefix  = "arXiv",
      primaryClass   = "hep-ph",
      SLACcitation   = "%%CITATION = ARXIV:1502.05314;%%"
}

% axial mass
@article{Anikin:2016teg,
      author         = "Anikin, I. V. and Braun, V. M. and Offen, N.",
      title          = "{Axial form factor of the nucleon at large momentum
                        transfers}",
      journal        = "Phys. Rev.",
      volume         = "D94",
      year           = "2016",
      number         = "3",
      pages          = "034011",
      doi            = "10.1103/PhysRevD.94.034011",
      eprint         = "1607.01504",
      archivePrefix  = "arXiv",
      primaryClass   = "hep-ph",
      SLACcitation   = "%%CITATION = ARXIV:1607.01504;%%"
}

% z-expansion for gA
@article{Bhattacharya:2011ah,
      author         = "Bhattacharya, Bhubanjyoti and Hill, Richard J. and Paz,
                        Gil",
      title          = "{Model independent determination of the axial mass
                        parameter in quasielastic neutrino-nucleon scattering}",
      journal        = "Phys. Rev.",
      volume         = "D84",
      year           = "2011",
      pages          = "073006",
      doi            = "10.1103/PhysRevD.84.073006",
      eprint         = "1108.0423",
      archivePrefix  = "arXiv",
      primaryClass   = "hep-ph",
      reportNumber   = "EFI-11-23",
      SLACcitation   = "%%CITATION = ARXIV:1108.0423;%%"
}

%PNDME gA
@article{Bhattacharya:2016zcn,
      author         = "Bhattacharya, Tanmoy and Cirigliano, Vincenzo and Cohen,
                        Saul and Gupta, Rajan and Lin, Huey-Wen and Yoon, Boram",
      title          = "{Axial, Scalar and Tensor Charges of the Nucleon from
                        2+1+1-flavor Lattice QCD}",
      year           = "2016",
      eprint         = "1606.07049",
      archivePrefix  = "arXiv",
      primaryClass   = "hep-lat",
      reportNumber   = "LA-UR-16-20522",
      SLACcitation   = "%%CITATION = ARXIV:1606.07049;%%"
}

% Bs -> Klv HPQCD
@article{Bouchard:2014ypa,
      author         = "Bouchard, C. M. and Lepage, G. Peter and Monahan,
                        Christopher and Na, Heechang and Shigemitsu, Junko",
      title          = "{$B_s \to K \ell \nu$ form factors from lattice QCD}",
      journal        = "Phys. Rev.",
      volume         = "D90",
      year           = "2014",
      pages          = "054506",
      doi            = "10.1103/PhysRevD.90.054506",
      eprint         = "1406.2279",
      archivePrefix  = "arXiv",
      primaryClass   = "hep-lat",
      SLACcitation   = "%%CITATION = ARXIV:1406.2279;%%"
}

% B -> D* FNAL
@article{Bailey:2014jga,
      author         = "Bailey, Jon A. and Jang, Yong-Chull and Lee, Weonjong and
                        Leem, Jaehoon",
      title          = "{Improved currents for $\bar{B}\to D^{(*)}\ell\bar{\nu}$
                        form factors from Oktay-Kronfeld heavy quarks}",
      booktitle      = "{Proceedings, 32nd International Symposium on Lattice
                        Field Theory (Lattice 2014): Brookhaven, NY, USA, June
                        23-28, 2014}",
      collaboration  = "SWME",
      journal        = "PoS",
      volume         = "LATTICE2014",
      year           = "2014",
      pages          = "389",
      eprint         = "1411.4227",
      archivePrefix  = "arXiv",
      primaryClass   = "hep-lat",
      SLACcitation   = "%%CITATION = ARXIV:1411.4227;%%"
}

%% previous related works
% slope of the Isgur Wise function
@article{Lellouch:1994zu,
      author         = "Lellouch, L. and Nieves, J. and Sachrajda, Christopher T.
                        and Stella, N. and Wittig, H. and Martinelli, G. and
                        Richards, D. G.",
      title          = "{Geometrical volume effects in the computation of the
                        slope of the Isgur-Wise function}",
      collaboration  = "UKQCD",
      journal        = "Nucl. Phys.",
      volume         = "B444",
      year           = "1995",
      pages          = "401-424",
      doi            = "10.1016/0550-3213(95)00180-Z",
      eprint         = "hep-lat/9410013",
      archivePrefix  = "arXiv",
      primaryClass   = "hep-lat",
      reportNumber   = "EDINBURGH-94-548, ROME-1057-1994, SHEP-94-95-5",
      SLACcitation   = "%%CITATION = HEP-LAT/9410013;%%"
}

% angular momentum nucleon spin
@article{Mathur:1999uf,
      author         = "Mathur, N. and Dong, S. J. and Liu, K. F. and Mankiewicz,
                        L. and Mukhopadhyay, N. C.",
      title          = "{Quark orbital angular momentum from lattice QCD}",
      journal        = "Phys. Rev.",
      volume         = "D62",
      year           = "2000",
      pages          = "114504",
      doi            = "10.1103/PhysRevD.62.114504",
      eprint         = "hep-ph/9912289",
      archivePrefix  = "arXiv",
      primaryClass   = "hep-ph",
      reportNumber   = "SLAC-PUB-8331, UK-99-20",
      SLACcitation   = "%%CITATION = HEP-PH/9912289;%%"
}

@article{Gadiyak:2001fe,
      author         = "Gadiyak, Valeriya and Ji, Xiang-dong and Jung, Chul-woo",
      title          = "{A Lattice study of the magnetic moment and the spin
                        structure of the nucleon}",
      journal        = "Phys. Rev.",
      volume         = "D65",
      year           = "2002",
      pages          = "094510",
      doi            = "10.1103/PhysRevD.65.094510",
      eprint         = "hep-lat/0112040",
      archivePrefix  = "arXiv",
      primaryClass   = "hep-lat",
      SLACcitation   = "%%CITATION = HEP-LAT/0112040;%%"
}

% HVP
@article{Chakraborty:2016mwy,
      author         = "Chakraborty, Bipasha and Davies, C. T. H. and de
                        Oliviera, P. G. and Koponen, J. and Lepage, G. P.",
      title          = "{The hadronic vacuum polarization contribution to
                        $a_{\mu}$ from full lattice QCD}",
      year           = "2016",
      eprint         = "1601.03071",
      archivePrefix  = "arXiv",
      primaryClass   = "hep-lat",
      SLACcitation   = "%%CITATION = ARXIV:1601.03071;%%"
}

@article{Blum:2016xpd,
      author         = "Blum, T. and others",
      title          = "{Lattice calculation of the leading strange
                        quark-connected contribution to the muon $g âˆ’ 2$}",
      collaboration  = "RBC/UKQCD",
      journal        = "JHEP",
      volume         = "04",
      year           = "2016",
      pages          = "063",
      doi            = "10.1007/JHEP04(2016)063",
      eprint         = "1602.01767",
      archivePrefix  = "arXiv",
      primaryClass   = "hep-lat",
      SLACcitation   = "%%CITATION = ARXIV:1602.01767;%%"
}

%ETM
@article{Alexandrou:2016rbj,
      author         = "Alexandrou, Constantia and Constantinou, Martha and
                        Koutsou, Giannis and Ottnad, Konstantin and Petschlies,
                        Marcus",
      title          = "{A position space method for the nucleon magnetic moment
                        in lattice QCD}",
      collaboration  = "ETM",
      year           = "2016",
      eprint         = "1605.07327",
      archivePrefix  = "arXiv",
      primaryClass   = "hep-lat",
      SLACcitation   = "%%CITATION = ARXIV:1605.07327;%%"
}

%Rome
@article{deDivitiis:2012vs,
      author         = "de Divitiis, G. M. and Petronzio, R. and Tantalo, N.",
      title          = "{On the extraction of zero momentum form factors on the
                        lattice}",
      journal        = "Phys. Lett.",
      volume         = "B718",
      year           = "2012",
      pages          = "589-596",
      doi            = "10.1016/j.physletb.2012.10.035",
      eprint         = "1208.5914",
      archivePrefix  = "arXiv",
      primaryClass   = "hep-lat",
      SLACcitation   = "%%CITATION = ARXIV:1208.5914;%%"
}

@article{Tiburzi:2014yra,
      author         = "Tiburzi, Brian C.",
      title          = "{Finite Volume Effects on the Extraction of Form Factors
                        at Zero Momentum}",
      journal        = "Phys. Rev.",
      volume         = "D90",
      year           = "2014",
      number         = "5",
      pages          = "054508",
      doi            = "10.1103/PhysRevD.90.054508",
      eprint         = "1407.4059",
      archivePrefix  = "arXiv",
      primaryClass   = "hep-lat",
      reportNumber   = "RBRC-1083",
      SLACcitation   = "%%CITATION = ARXIV:1407.4059;%%"
}

% Wilcox paper
@article{Wilcox:2002zt,
      author         = "Wilcox, Walter",
      title          = "{Continuum moment equations on the lattice}",
      journal        = "Phys. Rev.",
      volume         = "D66",
      year           = "2002",
      pages          = "017502",
      doi            = "10.1103/PhysRevD.66.017502",
      eprint         = "hep-lat/0204024",
      archivePrefix  = "arXiv",
      primaryClass   = "hep-lat",
      reportNumber   = "BUHEPP-02-01",
      SLACcitation   = "%%CITATION = HEP-LAT/0204024;%%"
}

% Peter's constraint curve fit
@article{Lepage:2001ym,
      author         = "Lepage, G. P. and Clark, B. and Davies, C. T. H. and
                        Hornbostel, K. and Mackenzie, P. B. and Morningstar, C.
                        and Trottier, H.",
      title          = "{Constrained curve fitting}",
      booktitle      = "{Contents of lattice 2001 proceedings}",
      journal        = "Nucl. Phys. Proc. Suppl.",
      volume         = "106",
      year           = "2002",
      pages          = "12-20",
      doi            = "10.1016/S0920-5632(01)01638-3",
      note           = "[,12(2001)]",
      eprint         = "hep-lat/0110175",
      archivePrefix  = "arXiv",
      primaryClass   = "hep-lat",
      reportNumber   = "FERMILAB-CONF-01-485-T",
      SLACcitation   = "%%CITATION = HEP-LAT/0110175;%%"
}

% Basak operators
@article{Basak:2005ir,
      author         = "Basak, Subhasish and Edwards, Robert and Fleming, George
                        T. and Heller, Urs M. and Morningstar, Colin and Richards,
                        David and Sato, Ikuro and Wallace, Stephen J.",
      title          = "{Clebsch-Gordan construction of lattice interpolating
                        fields for excited baryons}",
      collaboration  = "Lattice Hadron Physics (LHPC)",
      journal        = "Phys. Rev.",
      volume         = "D72",
      year           = "2005",
      pages          = "074501",
      doi            = "10.1103/PhysRevD.72.074501",
      eprint         = "hep-lat/0508018",
      archivePrefix  = "arXiv",
      primaryClass   = "hep-lat",
      reportNumber   = "DOE-ER-40762-349, JLAB-THY-05-397",
      SLACcitation   = "%%CITATION = HEP-LAT/0508018;%%"
}

@article{Basak:2007kj,
      author         = "Basak, Subhasish and Edwards, R. G. and Fleming, G. T.
                        and Juge, K. J. and Lichtl, A. and Morningstar, C. and
                        Richards, D. G. and Sato, I. and Wallace, S. J.",
      title          = "{Lattice QCD determination of patterns of excited baryon
                        states}",
      journal        = "Phys. Rev.",
      volume         = "D76",
      year           = "2007",
      pages          = "074504",
      doi            = "10.1103/PhysRevD.76.074504",
      eprint         = "0709.0008",
      archivePrefix  = "arXiv",
      primaryClass   = "hep-lat",
      reportNumber   = "DOE-ER-40762-398, JLAB-THY-07-707",
      SLACcitation   = "%%CITATION = ARXIV:0709.0008;%%"
}