@article{Alarcon:2018irp,
      author         = "Alarcón, J. M. and Weiss, C.",
      title          = "{Accurate nucleon electromagnetic form factors from
                        dispersively improved chiral effective field theory}",
      year           = "2018",
      eprint         = "1803.09748",
      archivePrefix  = "arXiv",
      primaryClass   = "hep-ph",
      reportNumber   = "JLAB-THY-18-2675",
      SLACcitation   = "%%CITATION = ARXIV:1803.09748;%%"
}

% new electron scattering radus
@article{Bouchard:2016gmc,
      author         = "Bouchard, Chris and Chang, Chia Cheng and Orginos, Kostas
                        and Richards, David",
      title          = "{Matrix elements from moments of correlation functions}",
      booktitle      = "{Proceedings, 34th International Symposium on Lattice
                        Field Theory (Lattice 2016): Southampton, UK, July 24-30,
                        2016}",
      journal        = "PoS",
      volume         = "LATTICE2016",
      year           = "2016",
      pages          = "170",
      eprint         = "1610.02354",
      archivePrefix  = "arXiv",
      primaryClass   = "hep-lat",
      reportNumber   = "JLAB-THY-16-2369",
      SLACcitation   = "%%CITATION = ARXIV:1610.02354;%%"
}

@article{Sick:2018fzn,
	author         = "Sick, Ingo",
	title          = "{Proton charge radius from electron scattering}",
	year           = "2018",
	eprint         = "1801.01746",
	archivePrefix  = "arXiv",
	primaryClass   = "nucl-ex",
	SLACcitation   = "%%CITATION = ARXIV:1801.01746;%%"
}

% gA
@inproceedings{Chang:2017oll,
	author         = "Chang, Chia Cheng and others",
	title          = "{Nucleon axial coupling from Lattice QCD}",
	booktitle      = "{35th International Symposium on Lattice Field Theory
	(Lattice 2017) Granada, Spain, June 18-24, 2017}",
	url            = "https://inspirehep.net/record/1631340/files/arXiv:1710.06523.pdf",
	year           = "2017",
	eprint         = "1710.06523",
	archivePrefix  = "arXiv",
	primaryClass   = "hep-lat",
	SLACcitation   = "%%CITATION = ARXIV:1710.06523;%%"
}

% CCQE cross section
@article{Day:2012gb,
	author         = "Day, Melanie and McFarland, Kevin S.",
	title          = "{Differences in Quasi-Elastic Cross-Sections of Muon and
	Electron Neutrinos}",
	journal        = "Phys. Rev.",
	volume         = "D86",
	year           = "2012",
	pages          = "053003",
	doi            = "10.1103/PhysRevD.86.053003",
	eprint         = "1206.6745",
	archivePrefix  = "arXiv",
	primaryClass   = "hep-ph",
	reportNumber   = "FERMILAB-PUB-12-314-PPD",
	SLACcitation   = "%%CITATION = ARXIV:1206.6745;%%"
}

%LBNE white paper
@article{Adams:2013qkq,
	author         = "Adams, C. and others",
	title          = "{The Long-Baseline Neutrino Experiment: Exploring
	Fundamental Symmetries of the Universe}",
	collaboration  = "LBNE",
	year           = "2013",
	eprint         = "1307.7335",
	archivePrefix  = "arXiv",
	primaryClass   = "hep-ex",
	reportNumber   = "BNL-101354-2013-JA, BNL-101354-2014-JA,
	FERMILAB-PUB-14-022, LA-UR-14-20881",
	SLACcitation   = "%%CITATION = ARXIV:1307.7335;%%"
}

% CHIPS
@inproceedings{Adamson:2013xka,
	author         = "Adamson, P. and others",
	title          = "{CHerenkov detectors In mine PitS (CHIPS) Letter of
	Intent to FNAL}",
	booktitle      = "{Proceedings, 2013 Community Summer Study on the Future
	of U.S. Particle Physics: Snowmass on the Mississippi
	(CSS2013): Minneapolis, MN, USA, July 29-August 6, 2013}",
	url            = "https://inspirehep.net/record/1244123/files/arXiv:1307.5918.pdf",
	year           = "2013",
	eprint         = "1307.5918",
	archivePrefix  = "arXiv",
	primaryClass   = "physics.ins-det",
	reportNumber   = "FERMILAB-PROPOSAL-1051",
	SLACcitation   = "%%CITATION = ARXIV:1307.5918;%%"
}

%T2K
@article{Abe:2017uxa,
	author         = "Abe, K. and others",
	title          = "{Combined Analysis of Neutrino and Antineutrino
	Oscillations at T2K}",
	collaboration  = "T2K",
	journal        = "Phys. Rev. Lett.",
	volume         = "118",
	year           = "2017",
	number         = "15",
	pages          = "151801",
	doi            = "10.1103/PhysRevLett.118.151801",
	eprint         = "1701.00432",
	archivePrefix  = "arXiv",
	primaryClass   = "hep-ex",
	SLACcitation   = "%%CITATION = ARXIV:1701.00432;%%"
}

% lepton universality
@article{Ciezarek:2017yzh,
	author         = "Ciezarek, Gregory and Franco Sevilla, Manuel and
	Hamilton, Brian and Kowalewski, Robert and Kuhr, Thomas
	and Lüth, Vera and Sato, Yutaro",
	title          = "{A Challenge to Lepton Universality in B Meson Decays}",
	journal        = "Nature",
	volume         = "546",
	year           = "2017",
	pages          = "227-233",
	doi            = "10.1038/nature22346",
	eprint         = "1703.01766",
	archivePrefix  = "arXiv",
	primaryClass   = "hep-ex",
	SLACcitation   = "%%CITATION = ARXIV:1703.01766;%%"
}

% muonic hydrogen

@article{nature09250,
	Author = {Pohl, Randolf and Antognini, Aldo and Nez, Fran{\c c}ois and Amaro, Fernando D. and Biraben, Fran{\c c}ois and Cardoso, Jo{\~a}o M. R. and Covita, Daniel S. and Dax, Andreas and Dhawan, Satish and Fernandes, Luis M. P. and Giesen, Adolf and Graf, Thomas and H{\"a}nsch, Theodor W. and Indelicato, Paul and Julien, Lucile and Kao, Cheng-Yang and Knowles, Paul and Le Bigot, Eric-Olivier and Liu, Yi-Wei and Lopes, Jos{\'e}A. M. and Ludhova, Livia and Monteiro, Cristina M. B. and Mulhauser, Fran{\c c}oise and Nebel, Tobias and Rabinowitz, Paul and dos Santos, Joaquim M. F. and Schaller, Lukas A. and Schuhmann, Karsten and Schwob, Catherine and Taqqu, David and Veloso, Jo{\~a}o F. C. A. and Kottmann, Franz},
	Date = {2010/07/08/online},
	Date-Added = {2017-12-21 05:44:26 +0000},
	Date-Modified = {2017-12-21 05:44:26 +0000},
	Day = {08},
	Journal = {Nature},
	L3 = {10.1038/nature09250; https://www.nature.com/articles/nature09250#supplementary-information},
	Month = {07},
	Pages = {213 EP  -},
	Publisher = {Nature Publishing Group, a division of Macmillan Publishers Limited. All Rights Reserved. SN  -},
	Title = {The size of the proton},
	Ty = {JOUR},
	Url = {http://dx.doi.org/10.1038/nature09250},
	Volume = {466},
	Year = {2010},
	Bdsk-Url-1 = {http://dx.doi.org/10.1038/nature09250}}

% CODATA average
@article{RevModPhys.80.633,
	title = {CODATA recommended values of the fundamental physical constants: 2006},
	author = {Mohr, Peter J. and Taylor, Barry N. and Newell, David B.},
	journal = {Rev. Mod. Phys.},
	volume = {80},
	issue = {2},
	pages = {633--730},
	numpages = {0},
	year = {2008},
	month = {Jun},
	publisher = {American Physical Society},
	doi = {10.1103/RevModPhys.80.633},
	url = {https://link.aps.org/doi/10.1103/RevModPhys.80.633}
}

% science atomic H
@article {Beyer79,
	author = {Beyer, Axel and Maisenbacher, Lothar and Matveev, Arthur and Pohl, Randolf and Khabarova, Ksenia and Grinin, Alexey and Lamour, Tobias and Yost, Dylan C. and H{\"a}nsch, Theodor W. and Kolachevsky, Nikolai and Udem, Thomas},
	title = {The Rydberg constant and proton size from atomic hydrogen},
	volume = {358},
	number = {6359},
	pages = {79--85},
	year = {2017},
	doi = {10.1126/science.aah6677},
	publisher = {American Association for the Advancement of Science},
	abstract = {The discrepancy between the size of the proton extracted from the spectroscopy of muonic hydrogen and the value obtained by averaging previous results for {\textquotedblleft}regular{\textquotedblright} hydrogen has puzzled physicists for the past 7 years. Now, Beyer et al. shed light on this puzzle (see the Perspective by Vassen). The authors obtained the size of the proton using very accurate spectroscopic measurements of regular hydrogen. Unexpectedly, this value was inconsistent with the average value of previous measurements of the same type. Also unexpectedly, it was consistent with the size extracted from the muonic hydrogen experiments. Resolving the puzzle must now include trying to understand how the old results relate to the new, as well as reexamining the sources of systematic errors in all experiments.Science, this issue p. 79; see also p. 39At the core of the {\textquotedblleft}proton radius puzzle{\textquotedblright} is a four{\textendash}standard deviation discrepancy between the proton root-mean-square charge radii (rp) determined from the regular hydrogen (H) and the muonic hydrogen ({\textmu}p) atoms. Using a cryogenic beam of H atoms, we measured the 2S-4P transition frequency in H, yielding the values of the Rydberg constant R$\infty$ = 10973731.568076(96) per meterand rp = 0.8335(95) femtometer. Our rp value is 3.3 combined standard deviations smaller than the previous H world data, but in good agreement with the {\textmu}p value. We motivate an asymmetric fit function, which eliminates line shifts from quantum interference of neighboring atomic resonances.},
	issn = {0036-8075},
	URL = {http://science.sciencemag.org/content/358/6359/79},
	eprint = {http://science.sciencemag.org/content/358/6359/79.full.pdf},
	journal = {Science}
}

% phd thesis 1S-3S
@phdthesis{fleurbaey:tel-01633631,
	TITLE = {{Frequency metrology of the 1S-3S transition of hydrogen: contribution to the proton charge radius puzzle}},
	AUTHOR = {Fleurbaey, H{\'e}l{\`e}ne},
	URL = {https://tel.archives-ouvertes.fr/tel-01633631},
	SCHOOL = {{Universit{\'e} Pierre et Marie Curie (UPMC)}},
	YEAR = {2017},
	MONTH = Oct,
	KEYWORDS = {metrology  ;  proton charge radius  ;  hydrogen atom  ;  spectroscopy  ;  UV laser source  ;  quantum electrodynamics ; m{\'e}trologie  ;  rayon de charge du proton  ;  atome d'hydrog{\`e}ne  ;  spectroscopie  ;  source laser UV  ;  {\'e}lectrodynamique quantique},
	TYPE = {Theses},
	PDF = {https://tel.archives-ouvertes.fr/tel-01633631/file/these_archivage_2969287.pdf},
	HAL_ID = {tel-01633631},
	HAL_VERSION = {v1},
}

% radius review
@article{Carlson:2015jba,
	author         = "Carlson, Carl E.",
	title          = "{The Proton Radius Puzzle}",
	journal        = "Prog. Part. Nucl. Phys.",
	volume         = "82",
	year           = "2015",
	pages          = "59-77",
	doi            = "10.1016/j.ppnp.2015.01.002",
	eprint         = "1502.05314",
	archivePrefix  = "arXiv",
	primaryClass   = "hep-ph",
	SLACcitation   = "%%CITATION = ARXIV:1502.05314;%%"
}

% axial mass
@article{Anikin:2016teg,
	author         = "Anikin, I. V. and Braun, V. M. and Offen, N.",
	title          = "{Axial form factor of the nucleon at large momentum
	transfers}",
	journal        = "Phys. Rev.",
	volume         = "D94",
	year           = "2016",
	number         = "3",
	pages          = "034011",
	doi            = "10.1103/PhysRevD.94.034011",
	eprint         = "1607.01504",
	archivePrefix  = "arXiv",
	primaryClass   = "hep-ph",
	SLACcitation   = "%%CITATION = ARXIV:1607.01504;%%"
}

% z-expansion for gA
@article{Bhattacharya:2011ah,
	author         = "Bhattacharya, Bhubanjyoti and Hill, Richard J. and Paz,
	Gil",
	title          = "{Model independent determination of the axial mass
	parameter in quasielastic neutrino-nucleon scattering}",
	journal        = "Phys. Rev.",
	volume         = "D84",
	year           = "2011",
	pages          = "073006",
	doi            = "10.1103/PhysRevD.84.073006",
	eprint         = "1108.0423",
	archivePrefix  = "arXiv",
	primaryClass   = "hep-ph",
	reportNumber   = "EFI-11-23",
	SLACcitation   = "%%CITATION = ARXIV:1108.0423;%%"
}

%PNDME gA
@article{Bhattacharya:2016zcn,
	author         = "Bhattacharya, Tanmoy and Cirigliano, Vincenzo and Cohen,
	Saul and Gupta, Rajan and Lin, Huey-Wen and Yoon, Boram",
	title          = "{Axial, Scalar and Tensor Charges of the Nucleon from
	2+1+1-flavor Lattice QCD}",
	year           = "2016",
	eprint         = "1606.07049",
	archivePrefix  = "arXiv",
	primaryClass   = "hep-lat",
	reportNumber   = "LA-UR-16-20522",
	SLACcitation   = "%%CITATION = ARXIV:1606.07049;%%"
}

% Bs -> Klv HPQCD
@article{Bouchard:2014ypa,
	author         = "Bouchard, C. M. and Lepage, G. Peter and Monahan,
	Christopher and Na, Heechang and Shigemitsu, Junko",
	title          = "{$B_s \to K \ell \nu$ form factors from lattice QCD}",
	journal        = "Phys. Rev.",
	volume         = "D90",
	year           = "2014",
	pages          = "054506",
	doi            = "10.1103/PhysRevD.90.054506",
	eprint         = "1406.2279",
	archivePrefix  = "arXiv",
	primaryClass   = "hep-lat",
	SLACcitation   = "%%CITATION = ARXIV:1406.2279;%%"
}

% B -> D* FNAL
@article{Bailey:2014jga,
	author         = "Bailey, Jon A. and Jang, Yong-Chull and Lee, Weonjong and
	Leem, Jaehoon",
	title          = "{Improved currents for $\bar{B}\to D^{(*)}\ell\bar{\nu}$
	form factors from Oktay-Kronfeld heavy quarks}",
	booktitle      = "{Proceedings, 32nd International Symposium on Lattice
	Field Theory (Lattice 2014): Brookhaven, NY, USA, June
	23-28, 2014}",
	collaboration  = "SWME",
	journal        = "PoS",
	volume         = "LATTICE2014",
	year           = "2014",
	pages          = "389",
	eprint         = "1411.4227",
	archivePrefix  = "arXiv",
	primaryClass   = "hep-lat",
	SLACcitation   = "%%CITATION = ARXIV:1411.4227;%%"
}

%% previous related works
% slope of the Isgur Wise function
@article{Lellouch:1994zu,
	author         = "Lellouch, L. and Nieves, J. and Sachrajda, Christopher T.
	and Stella, N. and Wittig, H. and Martinelli, G. and
	Richards, D. G.",
	title          = "{Geometrical volume effects in the computation of the
	slope of the Isgur-Wise function}",
	collaboration  = "UKQCD",
	journal        = "Nucl. Phys.",
	volume         = "B444",
	year           = "1995",
	pages          = "401-424",
	doi            = "10.1016/0550-3213(95)00180-Z",
	eprint         = "hep-lat/9410013",
	archivePrefix  = "arXiv",
	primaryClass   = "hep-lat",
	reportNumber   = "EDINBURGH-94-548, ROME-1057-1994, SHEP-94-95-5",
	SLACcitation   = "%%CITATION = HEP-LAT/9410013;%%"
}

% angular momentum nucleon spin
@article{Mathur:1999uf,
	author         = "Mathur, N. and Dong, S. J. and Liu, K. F. and Mankiewicz,
	L. and Mukhopadhyay, N. C.",
	title          = "{Quark orbital angular momentum from lattice QCD}",
	journal        = "Phys. Rev.",
	volume         = "D62",
	year           = "2000",
	pages          = "114504",
	doi            = "10.1103/PhysRevD.62.114504",
	eprint         = "hep-ph/9912289",
	archivePrefix  = "arXiv",
	primaryClass   = "hep-ph",
	reportNumber   = "SLAC-PUB-8331, UK-99-20",
	SLACcitation   = "%%CITATION = HEP-PH/9912289;%%"
}

@article{Gadiyak:2001fe,
	author         = "Gadiyak, Valeriya and Ji, Xiang-dong and Jung, Chul-woo",
	title          = "{A Lattice study of the magnetic moment and the spin
	structure of the nucleon}",
	journal        = "Phys. Rev.",
	volume         = "D65",
	year           = "2002",
	pages          = "094510",
	doi            = "10.1103/PhysRevD.65.094510",
	eprint         = "hep-lat/0112040",
	archivePrefix  = "arXiv",
	primaryClass   = "hep-lat",
	SLACcitation   = "%%CITATION = HEP-LAT/0112040;%%"
}

% HVP
@article{Chakraborty:2016mwy,
	author         = "Chakraborty, Bipasha and Davies, C. T. H. and de
	Oliviera, P. G. and Koponen, J. and Lepage, G. P.",
	title          = "{The hadronic vacuum polarization contribution to
	$a_{\mu}$ from full lattice QCD}",
	year           = "2016",
	eprint         = "1601.03071",
	archivePrefix  = "arXiv",
	primaryClass   = "hep-lat",
	SLACcitation   = "%%CITATION = ARXIV:1601.03071;%%"
}

@article{Blum:2016xpd,
	author         = "Blum, T. and others",
	title          = "{Lattice calculation of the leading strange
	quark-connected contribution to the muon $g â 2$}",
	collaboration  = "RBC/UKQCD",
	journal        = "JHEP",
	volume         = "04",
	year           = "2016",
	pages          = "063",
	doi            = "10.1007/JHEP04(2016)063",
	eprint         = "1602.01767",
	archivePrefix  = "arXiv",
	primaryClass   = "hep-lat",
	SLACcitation   = "%%CITATION = ARXIV:1602.01767;%%"
}

%ETM
@article{Alexandrou:2016rbj,
	author         = "Alexandrou, Constantia and Constantinou, Martha and
	Koutsou, Giannis and Ottnad, Konstantin and Petschlies,
	Marcus",
	title          = "{A position space method for the nucleon magnetic moment
	in lattice QCD}",
	collaboration  = "ETM",
	year           = "2016",
	eprint         = "1605.07327",
	archivePrefix  = "arXiv",
	primaryClass   = "hep-lat",
	SLACcitation   = "%%CITATION = ARXIV:1605.07327;%%"
}

%Rome
@article{deDivitiis:2012vs,
	author         = "de Divitiis, G. M. and Petronzio, R. and Tantalo, N.",
	title          = "{On the extraction of zero momentum form factors on the
	lattice}",
	journal        = "Phys. Lett.",
	volume         = "B718",
	year           = "2012",
	pages          = "589-596",
	doi            = "10.1016/j.physletb.2012.10.035",
	eprint         = "1208.5914",
	archivePrefix  = "arXiv",
	primaryClass   = "hep-lat",
	SLACcitation   = "%%CITATION = ARXIV:1208.5914;%%"
}

@article{Tiburzi:2014yra,
	author         = "Tiburzi, Brian C.",
	title          = "{Finite Volume Effects on the Extraction of Form Factors
	at Zero Momentum}",
	journal        = "Phys. Rev.",
	volume         = "D90",
	year           = "2014",
	number         = "5",
	pages          = "054508",
	doi            = "10.1103/PhysRevD.90.054508",
	eprint         = "1407.4059",
	archivePrefix  = "arXiv",
	primaryClass   = "hep-lat",
	reportNumber   = "RBRC-1083",
	SLACcitation   = "%%CITATION = ARXIV:1407.4059;%%"
}

% Wilcox paper
@article{Wilcox:2002zt,
	author         = "Wilcox, Walter",
	title          = "{Continuum moment equations on the lattice}",
	journal        = "Phys. Rev.",
	volume         = "D66",
	year           = "2002",
	pages          = "017502",
	doi            = "10.1103/PhysRevD.66.017502",
	eprint         = "hep-lat/0204024",
	archivePrefix  = "arXiv",
	primaryClass   = "hep-lat",
	reportNumber   = "BUHEPP-02-01",
	SLACcitation   = "%%CITATION = HEP-LAT/0204024;%%"
}

% Peter's constraint curve fit
@article{Lepage:2001ym,
	author         = "Lepage, G. P. and Clark, B. and Davies, C. T. H. and
	Hornbostel, K. and Mackenzie, P. B. and Morningstar, C.
	and Trottier, H.",
	title          = "{Constrained curve fitting}",
	booktitle      = "{Contents of lattice 2001 proceedings}",
	journal        = "Nucl. Phys. Proc. Suppl.",
	volume         = "106",
	year           = "2002",
	pages          = "12-20",
	doi            = "10.1016/S0920-5632(01)01638-3",
	note           = "[,12(2001)]",
	eprint         = "hep-lat/0110175",
	archivePrefix  = "arXiv",
	primaryClass   = "hep-lat",
	reportNumber   = "FERMILAB-CONF-01-485-T",
	SLACcitation   = "%%CITATION = HEP-LAT/0110175;%%"
}

% Basak operators
@article{Basak:2005ir,
	author         = "Basak, Subhasish and Edwards, Robert and Fleming, George
	T. and Heller, Urs M. and Morningstar, Colin and Richards,
	David and Sato, Ikuro and Wallace, Stephen J.",
	title          = "{Clebsch-Gordan construction of lattice interpolating
	fields for excited baryons}",
	collaboration  = "Lattice Hadron Physics (LHPC)",
	journal        = "Phys. Rev.",
	volume         = "D72",
	year           = "2005",
	pages          = "074501",
	doi            = "10.1103/PhysRevD.72.074501",
	eprint         = "hep-lat/0508018",
	archivePrefix  = "arXiv",
	primaryClass   = "hep-lat",
	reportNumber   = "DOE-ER-40762-349, JLAB-THY-05-397",
	SLACcitation   = "%%CITATION = HEP-LAT/0508018;%%"
}

@article{Basak:2007kj,
	author         = "Basak, Subhasish and Edwards, R. G. and Fleming, G. T.
	and Juge, K. J. and Lichtl, A. and Morningstar, C. and
	Richards, D. G. and Sato, I. and Wallace, S. J.",
	title          = "{Lattice QCD determination of patterns of excited baryon
	states}",
	journal        = "Phys. Rev.",
	volume         = "D76",
	year           = "2007",
	pages          = "074504",
	doi            = "10.1103/PhysRevD.76.074504",
	eprint         = "0709.0008",
	archivePrefix  = "arXiv",
	primaryClass   = "hep-lat",
	reportNumber   = "DOE-ER-40762-398, JLAB-THY-07-707",
	SLACcitation   = "%%CITATION = ARXIV:0709.0008;%%"
}